<record><leader>00000cas a2200000 a 4500</leader><controlfield tag="001">11617480</controlfield><controlfield tag="008">850125d18uu18uuvtuwr ne      0    0eng d</controlfield><datafield ind1=" " ind2=" " tag="010"><subfield code="a">sn 85025254 </subfield></datafield><datafield ind1=" " ind2=" " tag="040"><subfield code="a">NPX</subfield><subfield code="b">eng</subfield><subfield code="c">NPX</subfield><subfield code="d">NVN</subfield><subfield code="d">OCL</subfield><subfield code="d">OCLCQ</subfield><subfield code="d">OCLCF</subfield><subfield code="d">OCLCO</subfield></datafield><datafield ind1="1" ind2=" " tag="029"><subfield code="a">AU@</subfield><subfield code="b">000020233385</subfield></datafield><datafield ind1=" " ind2=" " tag="042"><subfield code="a">msc</subfield></datafield><datafield ind1=" " ind2=" " tag="043"><subfield code="a">n-us-vt</subfield></datafield><datafield ind1="0" ind2=" " tag="130"><subfield code="a">Vermont journal (Saint Johnsbury, Vt.)</subfield></datafield><datafield ind1="1" ind2="0" tag="245"><subfield code="a">Vermont journal.</subfield></datafield><datafield ind1="1" ind2="7" tag="246"><subfield code="a">Vermont chronicle</subfield><subfield code="f">Feb. 18, 1871</subfield></datafield><datafield ind1="1" ind2="3" tag="246"><subfield code="a">Aurora of the valley</subfield></datafield><datafield ind1=" " ind2=" " tag="260"><subfield code="a">St. Johnsbury, Vt. :</subfield><subfield code="b">L.J. McIndoe</subfield></datafield><datafield ind1=" " ind2=" " tag="300"><subfield code="a">v.</subfield></datafield><datafield ind1=" " ind2=" " tag="310"><subfield code="a">Weekly</subfield></datafield><datafield ind1=" " ind2=" " tag="500"><subfield code="a">Printed by L.J. McIndoe at Windsor, Vt., and distributed in separate by substantially identical geographic editions throughout the state. Bibliographical similarities among these editions include text and advertisements.</subfield></datafield><datafield ind1=" " ind2=" " tag="580"><subfield code="a">Contains corresponding issues of Aurora of the valley (Windsor, Vt., and St. Johnsbury, Vt.), 1871-1872.</subfield></datafield><datafield ind1=" " ind2=" " tag="588"><subfield code="a">Description based on: Vol. 27, no. 1 (Jan. 7, 1871) = whole no. 1381.</subfield></datafield><datafield ind1=" " ind2="0" tag="651"><subfield code="a">Saint Johnsbury (Vt.)</subfield><subfield code="v">Newspapers.</subfield></datafield><datafield ind1=" " ind2="0" tag="651"><subfield code="a">Vermont</subfield><subfield code="v">Newspapers.</subfield></datafield><datafield ind1=" " ind2="7" tag="655"><subfield code="a">Newspapers.</subfield><subfield code="2">fast</subfield><subfield code="0">(OCoLC)fst01423814</subfield></datafield><datafield ind1=" " ind2="7" tag="651"><subfield code="a">Vermont.</subfield><subfield code="2">fast</subfield><subfield code="0">(OCoLC)fst01204305</subfield></datafield><datafield ind1=" " ind2="7" tag="651"><subfield code="a">Vermont</subfield><subfield code="z">Saint Johnsbury.</subfield><subfield code="2">fast</subfield><subfield code="0">(OCoLC)fst01226818</subfield></datafield><datafield ind1="1" ind2=" " tag="700"><subfield code="a">McIndoe, L. J.,</subfield><subfield code="d">1819-1873.</subfield></datafield><datafield ind1=" " ind2=" " tag="752"><subfield code="a">United States</subfield><subfield code="b">Vermont</subfield><subfield code="c">Caledonia</subfield><subfield code="d">Saint Johnsbury.</subfield></datafield><datafield ind1="1" ind2=" " tag="775"><subfield code="t">Vermont journal (Windsor, Vt. : 1844)</subfield><subfield code="w">(DLC)sn 84022091</subfield><subfield code="w">(OCoLC)10288261</subfield></datafield><datafield ind1="1" ind2=" " tag="775"><subfield code="t">Vermont journal (Bradford, Vt.)</subfield><subfield code="w">(DLC)sn 85025251</subfield><subfield code="w">(OCoLC)11615716</subfield></datafield><datafield ind1="1" ind2=" " tag="775"><subfield code="t">Vermont journal (West Randolph, Vt.)</subfield><subfield code="w">(DLC)sn 85025252</subfield><subfield code="w">(OCoLC)11617409</subfield></datafield><datafield ind1="1" ind2=" " tag="775"><subfield code="t">Vermont journal (Brattleboro, Vt.)</subfield><subfield code="w">(DLC)sn 85025256</subfield><subfield code="w">(OCoLC)11617512</subfield></datafield><datafield ind1="1" ind2=" " tag="775"><subfield code="t">Vermont journal (Springfield, Vt.)</subfield><subfield code="w">(DLC)sn 85025255</subfield><subfield code="w">(OCoLC)11617495</subfield></datafield><datafield ind1="1" ind2=" " tag="775"><subfield code="t">Vermont journal (South Royalton, Vt.)</subfield><subfield code="w">(DLC)sn 85025253</subfield><subfield code="w">(OCoLC)11617448</subfield></datafield></record>